<record><leader>00000cas a2200000 a 4500</leader><controlfield tag="001">244286864</controlfield><controlfield tag="008">080822d20022006gauwr ne      |    0eng c</controlfield><datafield ind1=" " ind2=" " tag="010"><subfield code="a">  2008233859</subfield></datafield><datafield ind1=" " ind2=" " tag="040"><subfield code="a">GUA</subfield><subfield code="b">eng</subfield><subfield code="c">GUA</subfield><subfield code="d">OCLCQ</subfield><subfield code="d">OCLCF</subfield><subfield code="d">OCLCO</subfield></datafield><datafield ind1=" " ind2=" " tag="042"><subfield code="a">pcc</subfield></datafield><datafield ind1=" " ind2=" " tag="043"><subfield code="a">n-us-ga</subfield></datafield><datafield ind1="0" ind2=" " tag="130"><subfield code="a">Times-journal (Eastman, GA : 2002)</subfield></datafield><datafield ind1="1" ind2="4" tag="245"><subfield code="a">The Times-journal.</subfield></datafield><datafield ind1=" " ind2=" " tag="260"><subfield code="a">Eastman, GA. :</subfield><subfield code="b">Rosebud Pub.</subfield></datafield><datafield ind1=" " ind2=" " tag="300"><subfield code="a">v.</subfield></datafield><datafield ind1=" " ind2=" " tag="310"><subfield code="a">Weekly</subfield></datafield><datafield ind1="1" ind2=" " tag="362"><subfield code="a">Began with vol. 131, no. 14 (Apr. 3, 2002); ceased with vol. 135, no. 52 (Dec. 27, 2006).</subfield></datafield><datafield ind1=" " ind2=" " tag="588"><subfield code="a">Final issue consulted.</subfield></datafield><datafield ind1=" " ind2=" " tag="588"><subfield code="a">Description based on: Vol. 131, no. 14 (Apr. 3, 2002); title from caption.</subfield></datafield><datafield ind1=" " ind2="0" tag="651"><subfield code="a">Eastman (Ga.)</subfield><subfield code="v">Newspapers.</subfield></datafield><datafield ind1=" " ind2="0" tag="651"><subfield code="a">Dodge County (Ga.)</subfield><subfield code="v">Newspapers.</subfield></datafield><datafield ind1=" " ind2="7" tag="655"><subfield code="a">Newspapers.</subfield><subfield code="2">fast</subfield><subfield code="0">(OCoLC)fst01423814</subfield></datafield><datafield ind1=" " ind2="7" tag="651"><subfield code="a">Georgia</subfield><subfield code="z">Dodge County.</subfield><subfield code="2">fast</subfield><subfield code="0">(OCoLC)fst01215292</subfield></datafield><datafield ind1=" " ind2="7" tag="651"><subfield code="a">Georgia</subfield><subfield code="z">Eastman.</subfield><subfield code="2">fast</subfield><subfield code="0">(OCoLC)fst01217133</subfield></datafield><datafield ind1=" " ind2=" " tag="752"><subfield code="a">United States</subfield><subfield code="b">Georgia</subfield><subfield code="c">Dodge</subfield><subfield code="d">Eastman.</subfield></datafield><datafield ind1="0" ind2="0" tag="780"><subfield code="t">Times journal spotlight</subfield><subfield code="w">(DLC)sn 89053060</subfield><subfield code="w">(OCoLC)19647011</subfield></datafield><datafield ind1="0" ind2="0" tag="785"><subfield code="t">Dodge County news and the times journal combined.</subfield></datafield></record>